@misc{motox,
  key = "motox",
  title = {{Motion Gestures in Moto X}},
   note = {\url{http://www.androidcentral.com/looking-gestures-moto-x-pure-edition}}
}

@misc{uwave,
  key = "uwave",
  title = {{uWave: Accelerometer-based personalized gesture recognition and its applications}},
   note ={\url{http://www.sciencedirect.com/science/article/pii/S1574119209000674}}
}

@misc{combining-data,
  key = "combining-data",
  title = {{Combining Acceleration and Gyroscope Data for Motion Gesture Recognition using Classifiers with Dimensionality Constraints}},
   note ={\url{https://www.fxpal.com/publications/combining-acceleration-and-gyroscope-data-for-motion-gesture-recognition-using-classifiers-with-dimensionality-constraints.pdf}}
}

@misc{scaling-dtw,
  key = "scaling-dtw",
  title = {{Scaling up dynamic time warping for datamining applications}},
   note ={\url{http://www-ai.cs.uni-dortmund.de/PublicPublicationFiles/keogh_pazzani_2000a.pdf}}
}

@misc{fastdtw,
  key = "fastdtw",
  title = {{Fast Time Series Classification Using Numerosity Reduction, Proceedings of the 23rd international conference on Machine learning}},
   note ={\url{http://alumni.cs.ucr.edu/~xxi/495.pdf}}
}

@misc{isax,
  key = "isax",
  title = {{iSAX: Indexing and Mining Terabyte Sized Time Series}},
   note ={\url{http://www.cs.ucr.edu/~eamonn/iSAX/iSAX.html}}
}

@misc{ucr-suite,
  key = "ucr-suite",
  title = {{The UCR Suite}},
   note ={\url{http://www.cs.ucr.edu/~eamonn/UCRsuite.html}}
}

@misc{ucr-archive,
  key = "ucr-archive",
  title = {{UCR Time Series Classification Archive}},
   note ={\url{http://www.cs.ucr.edu/~eamonn/time_series_data/}}
}

@misc{fastdtw-java,
  key = "fastdtw-java",
  title = {{FastDTW implementation modified for use as a library in production applications}},
   note ={\url{https://github.com/cscotta/fastdtw}}
}